<record><leader>00000cas a22000007a 4500</leader><controlfield tag="001">9362337</controlfield><controlfield tag="008">830330d192019uumnuwr ne      0   b0swe d</controlfield><datafield ind1=" " ind2=" " tag="010"><subfield code="a">sn 83025279 </subfield></datafield><datafield ind1=" " ind2=" " tag="040"><subfield code="a">NPV</subfield><subfield code="b">eng</subfield><subfield code="c">NPV</subfield><subfield code="d">MN#</subfield><subfield code="d">OCL</subfield><subfield code="d">OCLCQ</subfield><subfield code="d">OCLCF</subfield><subfield code="d">OCLCO</subfield></datafield><datafield ind1=" " ind2=" " tag="019"><subfield code="a">1766894</subfield></datafield><datafield ind1="1" ind2=" " tag="029"><subfield code="a">AU@</subfield><subfield code="b">000020399183</subfield></datafield><datafield ind1=" " ind2=" " tag="042"><subfield code="a">msc</subfield></datafield><datafield ind1=" " ind2=" " tag="043"><subfield code="a">n-us-mn</subfield></datafield><datafield ind1=" " ind2=" " tag="045"><subfield code="a">x2x-</subfield></datafield><datafield ind1=" " ind2=" " tag="052"><subfield code="a">4143</subfield><subfield code="b">S2</subfield></datafield><datafield ind1=" " ind2=" " tag="052"><subfield code="a">4144</subfield><subfield code="b">D9</subfield></datafield><datafield ind1="0" ind2="0" tag="245"><subfield code="a">Svenska amerikanska tribunen, Duluth posten.</subfield></datafield><datafield ind1=" " ind2=" " tag="260"><subfield code="a">Duluth, Minn. :</subfield><subfield code="b">Interstate Print. Co.,</subfield><subfield code="c">1920-1922.</subfield></datafield><datafield ind1=" " ind2=" " tag="300"><subfield code="a">2 v.</subfield></datafield><datafield ind1=" " ind2=" " tag="310"><subfield code="a">Weekly</subfield></datafield><datafield ind1="0" ind2=" " tag="362"><subfield code="a">33:dje a&#778;rg., n:r 1 (7 jan. 1921)-34:de a&#778;rg., n:r 29 (29 juli 1922) = lo&#776;pande n:r 1693-lo&#776;pande n:r 1772.</subfield></datafield><datafield ind1=" " ind2=" " tag="521"><subfield code="a">"Veckotidning fo&#776;r svenskarna i nordvestern."</subfield></datafield><datafield ind1=" " ind2=" " tag="546"><subfield code="a">In Swedish.</subfield></datafield><datafield ind1=" " ind2=" " tag="500"><subfield code="a">Editor: &lt;Jan. 7, 1920-&gt;, Carl Ebbesen.</subfield></datafield><datafield ind1=" " ind2=" " tag="530"><subfield code="a">Available on microfilm from the Minnesota Historical Society.</subfield></datafield><datafield ind1=" " ind2="0" tag="650"><subfield code="a">Swedes</subfield><subfield code="z">Minnesota</subfield><subfield code="z">Duluth</subfield><subfield code="v">Newspapers.</subfield></datafield><datafield ind1=" " ind2="7" tag="655"><subfield code="a">Newspapers.</subfield><subfield code="2">fast</subfield><subfield code="0">(OCoLC)fst01423814</subfield></datafield><datafield ind1=" " ind2="7" tag="650"><subfield code="a">Swedes.</subfield><subfield code="2">fast</subfield><subfield code="0">(OCoLC)fst01139996</subfield></datafield><datafield ind1=" " ind2="7" tag="651"><subfield code="a">Minnesota</subfield><subfield code="z">Duluth.</subfield><subfield code="2">fast</subfield><subfield code="0">(OCoLC)fst01205305</subfield></datafield><datafield ind1="1" ind2=" " tag="700"><subfield code="a">Ebbesen, Carl.</subfield></datafield><datafield ind1="0" ind2="4" tag="780"><subfield code="t">Svenska amerikanska tribunen (Superior, Wisc.)</subfield><subfield code="w">(DLC)sn 86086265</subfield></datafield><datafield ind1="0" ind2="4" tag="780"><subfield code="t">Duluth posten</subfield><subfield code="w">(DLC)sn 90059135</subfield></datafield><datafield ind1="0" ind2="4" tag="785"><subfield code="t">Svenska amerikanska posten</subfield><subfield code="w">(DLC)sn 83045737</subfield></datafield><datafield ind1=" " ind2=" " tag="752"><subfield code="a">United States</subfield><subfield code="b">Minnesota</subfield><subfield code="c">Saint Louis</subfield><subfield code="d">Duluth.</subfield></datafield></record>